<?xml version="1.0" encoding="UTF-8"?><collection xmlns="http://www.loc.gov/MARC21/slim"><record><leader>00377nam--2200121-i-4500</leader><controlfield tag="001">000040587</controlfield><controlfield tag="002">20161230</controlfield><controlfield tag="005">20161230201042</controlfield><controlfield tag="008">060222s1000------------r-----000-0-eng-d</controlfield><datafield ind1=" " ind2=" " tag="100"><subfield code="a">Schmidt,H., Stackelberg,M</subfield></datafield><datafield ind1=" " ind2=" " tag="245"><subfield code="a">Die neuartigen polarographischen methoden. ihr prinzip und ihre moglichkeiten</subfield></datafield><datafield ind1=" " ind2=" " tag="260"><subfield code="a">Weinheim/Bergstr.,Verlag Chemie, 1962. 97 P. + 49 Fig</subfield></datafield><datafield ind1=" " ind2=" " tag="852"><subfield code="a">17975</subfield></datafield></record></collection>